% This file was created with JabRef 2.10.
% Encoding: UTF-8

@TechReport{MVRS2021,
      title = {Microstructural Model for Creep-Fatigue Interaction in Grade 91 Steel},
      author = {Messner, M. and Venkataraman, Ajey and Rovinelli, Andrea and Sham, T.-L.},
      Institution       = {Argonne National Laboratory},
      Year              = {2021},
      Number            = {ANL-ART-218},
      keywords          = {nonref}
}

@techreport{BMSWHY2021,
      title = {Design rules for 316H nuclear components cladded with nickel or tungsten},
      author={Barua, Bipul and Messner, Mark and Sham, T.-L. and Wang, Yanli and Huang, Steven and Young, George},
      institution={Argonne National Laboratory},
      year={2021},
      number={ANL-21/11},
      keywords={noneref}
}

@techreport{GM2021,
      title={Assessing the ASME Section III, Division 5, Class A Primary Load Design Rules against Creep Notch Effects},
      author={Ye, Guosheng and Messner, Mark},
      institution={Argonne National Laboratory},
      year={2021},
      number={ANL-21/25},
      keywords={nonref}
}

@techreport{MSB2021,
      title={Identifying Limitations of ASME Section III Division 5 for Advanced SMR Designs},
      author={Messner, Mark and Sham, Ting-Leung and Barua, Bipul},
      institution={Argonne National Laboratory},
      year={2021},
      number={ANL-21/27},
      keywords={nonref}
}

@techreport{RVM2021,
      title={Initial framework for engineering-scale statistical creep-fatigue modeling},
      author={Rovinelli, A. and Venkataraman, A. and Messner, M.},
      institution={Argonne National Laboratory},
      year={2021},
      number={ANL-21/33},
      keywords={nonref}
}

@techreport{NMS2021,
      title={Comprehensive Margin Assessment of the ASME Section III, Division 5, Class A Primary Load Design Rules},
      author={Nicolas, A. and Messner, M. and Sham, T.-L.},
      institution={Argonne National Laboratory},
      year={2021},
      number={ANL-ART-226},
      keywords={nonref}
}

@techreport{VM2021,
      title={An initial framework for the rapid qualification of long-term creep rupture strength via microstructural modeling},
      author={Venkataraman, A. and Messner M.},
      institution={Argonne National Laboratory},
      year={2021},
      number={ANL-21/34},
      keywords={nonref}
}

@techreport{MS2021a,
      title={Preliminary Procedures and Acceptance Criteria for in situ Structural Materials Surveillance for MSR},
      author={Messner, M. and Sham, T.-L.},
      institution={Argonne National Laboratory},
      year={2021},
      number={ANL-ART-229},
      keywords={nonref}
}

@techreport{MS2021b,
      title={Reference constitutive model for Alloy 617 and 316H stainless steel for use with the ASME Division 5 design by inelastic analysis rules},
      author={Messner, M. and Sham, T.-L.},
      institution={Argonne National Laboratory},
      year={2021},
      number={ANL-ART-225},
      keywords={nonref}
}

@techreport{BMWSJ2021,
      title={Draft Rules for Alloy 617 Creep-Fatigue Design using an EPP+SMT Approach},
      author={Barua, B. and Messner, M. and Wang, Y. and Sham, T.-L. and Jetter, R. I.},
      institution={Argonne National Laboratory},
      year={2021},
      number={ANL-ART-227},
      keywords={nonref}
}

@techreport{MMBYS2021,
      title={Fabrication and Testing of Two Passively Actuated Creep-Fatigue Surveillance Test Articles},
      author={Messner, Mark and Momozaki, Yoichi and Boron, Ed and Ye, Guosheng and Sham, Ting-Leung},
      institution={Argonne National Laboratory},
      year={2021},
      number={ANL-ART-228},
      keywords={nonref}
}

@TechReport{BMRM2020,
      Title             = {Design Guidance for High Temperature Concentrating Solar Power Components},
      Author            = {Barua, Bipul and McMurtrey, Michael and Rupp, Ryann and Messner, Mark},
      Institution       = {Argonne National Laboratory},
      Year              = {2020},
      Number            = {ANL-20/03},
      keywords          = {nonref}
}

@TechReport{NCPM2020,
      Title             = {Survey of Modeling and Simulation Techniques for Predicting Initial Microstructures for Advanced Manufacturing Technologies},
      Author            = {Andrea, Nicolas and Chakraborty, Aritra and Paulson, Noah and Messner, Mark},
      Institution       = {Argonne National Laboratory},
      Year              = {2020},
      Number            = {ANL-20/21},
      keywords          = {nonref}
}

@TechReport{2020R0,
      Title = {Initial development and verification of a primary load design method based on elastic-perfectly plastic analysis},
      Author = {Mark Messner and T.-L. Sham},
      Institution = {Argonne National Laboratory},
      Year = {2020},
      Month = {July},
      Number = {ANL-ART-201},
      keywords = {nonref}
}

@TechReport{2020R1,
      Title = {Initial High Temperature Inelastic Constitutive Model for Alloy 617},
      Author = {M. Messner and T.-L. Sham.},
      Institution = {Argonne National Laboratory},
      Year = {2020},
      Month = {August},
      Number = {ANL-ART-195},
      keywords = {nonref}
}

@TechReport{2020R2,
      Title = {Survey of Methods for Predicting Material Performance from Material Microstructure for Advanced Manufacturing Technologies},
      Author = {Andrea Nicolas and Noah Paulson and Mark Messner},
      Institution = {Argonne National Laboratory},
      Year = {2020},
      Month = {August},
      Number = {ANL-20/40},
      keywords = {nonref}
}

@TechReport{2020R3,
      Title = {Preliminary design analysis workflow for Division 5 HHA-3200 requirements for graphite core components},
      Author = {Andrea Nicolas and Mark Messner and T.-L. Sham},
      Institution = {Argonne National Laboratory},
      Year = {2020},
      Month = {August},
      Number = {ANL-ART-197},
      keywords = {nonref}
}

@TechReport{2020R4,
      Title = {Preliminary description of a new creep-fatigue design method that reduces over conservatism and simplifies the high temperature design process},
      Author = {B. Barua and M. Messner and T.-L. Sham and R. I. Jetter and Y. Wang},
      Institution = {Argonne National Laboratory},
      Year = {2020},
      Month = {September},
      Number = {ANL-ART-194},
      keywords = {nonref}
}

@TechReport{2020R5,
      Title = {Initial development of a high temperature life prediction method directly accounting for variability in material properties},
      Author = {Andrea Nicolas and Mark Messner and T.-L. Sham},
      Institution = {Argonne National Laboratory},
      Year = {2020},
      Month = {September},
      Number = {2020},
      keywords = {nonref}
}

@TechReport{2020R6,
      Title = {Initial development of a method for correlating indentation test results to damage accumulation in high temperature structural materials},
      Author = {Aritra Chakraborty and M. Messner and T.-L. Sham},
      Institution = {Argonne National Laboratory},
      Year = {2020},
      Month = {August},
      Number = {ANL-ART-199},
      keywords = {nonref}
}

@TechReport{2020R7,
      Title = {Example Evaluation of a Representative Heat Pipe Test Article Design for Structural Acceptability using ASME Design Rules},
      Author = {Guosheng Ye and Mark Messner and T.-L. Sham},
      Institution = {Argonne National Laboratory},
      Year = {2020},
      Month = {September},
      Number = {ANL-ART-200},
      keywords = {nonref}
}

@TechReport{2020R8,
      Title = {Initial microstructural model for creepfatigue damage in Grade 91 steel},
      Author = {A. Rovinelli and M. Messner and T.-L. Sham},
      Institution = {Argonne National Laboratory},
      Year = {2020},
      Month = {September},
      Number = {ANL-ART-202},
      keywords = {nonref}
}

@TechReport{2020R9,
      Title = {Identify the influence of microstructure on mesoscale creep and fatigue damage},
      Author = {A. Rovinelli and M. Messner},
      Institution = {Argonne National Laboratory},
      Year = {2020},
      Month = {September},
      Number = {ANL-20/49},
      keywords = {nonref}
}

@TechReport{2020R10,
      Title = {An Initial Assessment of the Design Margins of Different ASME Section III, Division 5 Design Rules},
      Author = {M. Messner and T.-L. Sham.},
      Institution = {Argonne National Laboratory},
      Year = {2020},
      Month = {September},
      Number = {2020},
      keywords = {nonref}
}

@TechReport{2020R11,
      Title = {Initial development of an in-situ, passive material surveillance test article for monitoring high temperature reactor structural components},
      Author = {Mark Messner and Yoichi Momozaki and Ed Boron and T.-L. Sham},
      Institution = {Argonne National Laboratory},
      Year = {2020},
      Month = {September},
      Number = {ANL-ART-198},
      keywords = {nonref}
}

@TechReport{2020R12,
      Title = {Sample problems for Section III, Division 5 design by inelastic analysis of Grade 91 components},
      Author = {Guosheng Ye and Mark Messner and T.-L. Sham},
      Institution = {Argonne National Laboratory},
      Year = {2020},
      Month = {September},
      Number = {ANL-ART-204},
      keywords = {nonref}
}

@TechReport{2020R13,
      Title = {Multiscale-Informed Modeling of High Temperature Component Response with Uncertainty Quantification},
      Author = {Munday, Lynn Brendon and Dhulipala, Som LakshmiNarasimha and Casagranda, Albert and Pitts, Stephanie A and Spencer, Benjamin W and Tallman, Aaron and Kumar, M. Arul and Matthews, Christopher and Messner, Mark and Chakraborty, Aritra},
      Institution = {Idaho National Laboratory},
      Year = {2020},
      Month = {September},
      Number = {INL/EXT-20-59795},
      keywords = {nonref}
}

@inproceedings{messnerpaces1,
      title={A Fast Tool for Receiver Life Estimation and Design},
      author={Messner, Mark and Barua, Bipul},
      booktitle={26th SolarPACES Conference},
      year={2020},
      keywords={conf}
}

@inproceedings{baruapaces1,
      title={Assessment of Ti3SiC2 MAX Phase as a Structural Material for High Temperature Receivers},
      author={Barua, Bipul and Messner, Mark and Singh, Dileep},
      booktitle={26th SolarPACES Conference},
      year={2020},
      keywords={conf}
}

@inproceedings{messnerpaces2,
      title={Towards a Design Framework for Nonmetallic Concentrating Solar Power Components},
      author={Messner, Mark and Barua, Bipul and Singh, Dileep},
      booktitle={26th SolarPACES Conference},
      year={2020},
      keywords={conf}
}

@inproceedings{baruapaces2,
      title={Fast Heuristics for Receiver Life Estimation and Design},
      author={Barua, Bipul and Messner, Mark},
      booktitle={27th SolarPACES Conference},
      year={2021},
      keywords={conf}
}

@inproceedings{nicolas2021a,
      title={A Probabilistic Margin Assessment of the ASME Section III, Division 5 Primary Load Design Rules for Class A Components},
      author={Nicolas, Andrea and Messner, Mark and Sham, T.-L.},
      booktitle={ASME 2021 Pressure Vessels and Piping Conference},
      year={2021},
      organization={American Society of Mechanical Engineers},
      keywords={conf}
}

@inproceedings{messnerpvp2021a,
      title={A Viscoplastic Model for Alloy 617 for use with the ASME Section III, Division 5 Design by Inelastic Analysis Rules},
      author={Messner, M. C. and Sham, T.-L.},
      booktitle={ASME 2021 Pressure Vessels and Piping Conference},
      year={2021},
      organization={American Society of Mechanical Engineers},
      keywords={conf}
}

@inproceedings{deweespvp2021,
      title={Comparison of candidate steady loading elevated temperature design-by-analysis methods},
      author={Dewees, David and Mann III, J. Adin and Nadarajah, Chithranjan and Messner, Mark and Hantz, Ben and Anderson, David},
      booktitle={ASME 2021 Pressure Vessels and Piping Conference},
      year={2021},
      organization={American Society of Mechanical Engineers},
      keywords={conf}
}

@inproceedings{baruapvp2021a,
      title={Simplified Criteria with Reduced Testing Effort for Selecting Clad Materials for High Temperature Reactor Structural Components},
      author={Barua, B. and Jetter, R. I. and Sham, T.-L.},
      booktitle={ASME 2021 Pressure Vessels and Piping Conference},
      year={2021},
      organization={American Society of Mechanical Engineers},
      keywords={conf}
}

@inproceedings{mcmurtrey2021a,
      title={Qualification Challenges for Additive Manufacturing in High Temperature Nuclear Applications},
      author={McMurtrey, Michael and Messner, M.},
      booktitle={ASME 2021 Pressure Vessels and Piping Conference},
      year={2021},
      organization={American Society of Mechanical Engineers},
      keywords={conf}
}

@inproceedings{rovinelli2021a,
      title={A Comprehensive Comparison between Different Multiaxial Cycle Counting Procedures},
      author={Rovinelli, Andrea and Messner, Mark and Sham, T.-L.},
      booktitle={ASME 2021 Pressure Vessels and Piping Conference},
      year={2021},
      organization={American Society of Mechanical Engineers},
      keywords={conf}
}

@inproceedings{chakrabortypvp1,
  title={Uncertainty quantification of viscoplastic parameters for Grade 91 steel through Bayesian analysis},
  author={Chakraborty, Aritra and Messner, M. C. and Sham, T.-L.},
  booktitle={ASME 2020 Pressure Vessels and Piping Conference},
  year={2020},
  organization={American Society of Mechanical Engineers},
  keywords={conf}
}

@inproceedings{baruapvp1,
  title={Development of Design Method for High Temperature Nuclear Reactor Cladded Component},
  author={Barua, B. and Messner, M. C. and Jetter, R. I. and Sham, T.-L.},
  booktitle={ASME 2020 Pressure Vessels and Piping Conference},
  year={2020},
  organization={American Society of Mechanical Engineers},
  keywords={conf}
}

@inproceedings{baruapvp2,
  title={Acceptance Criteria for the Mechanical Integrity of Clad/Base Metal Interface for High Temperature Nuclear Reactor Cladded Components},
  author={Barua, B. and Messner, M. C. and Rovinelli, A. and Sham, T.-L.},
  booktitle={ASME 2020 Pressure Vessels and Piping Conference},
  year={2020},
  organization={American Society of Mechanical Engineers},
  keywords={conf}
}

@inproceedings{baruapvp3,
  title={Selection Criteria for Clad Materials to Use with a 316H Base Material for High Temperature Nuclear Reactor Cladded Components},
  author={Barua, B. and Messner, M. C. and Jetter, R.I. and Sham, T.-L.},
  booktitle={ASME 2020 Pressure Vessels and Piping Conference},
  year={2020},
  organization={American Society of Mechanical Engineers},
  keywords={conf}
}

@inproceedings{rovinellipvp1,
  title={Investigating the Correlation Between Different Effective Stress Measures and the Service Life of Actual High Temperature Structural Components},
  author={Rovinelli, A. and Messner, M. C. and Sham, T.-L.},
  booktitle={ASME 2020 Pressure Vessels and Piping Conference},
  year={2020},
  organization={American Society of Mechanical Engineers},
  keywords={conf}
}

@inproceedings{messnerpvp1,
  title={A High Temperature Primary Load Design Method Based on Elastic Perfect-Plasticity and Simplified Inelastic Analysis},
  author={Messner, M. C. and Jetter, R.I. and Sham, T.-L.},
  booktitle={ASME 2020 Pressure Vessels and Piping Conference},
  year={2020},
  organization={American Society of Mechanical Engineers},
  keywords={conf}
}

@book{NTB2,
      title = {Gap Analysis for Addressing Adequacy or Optimization of ASME Section III, Division 5 Rules for Metallic Components},
      author = {Jetter, Robert I. and Messner, Mark C. and Nestell, James and Sham, T.-L. and Wang, Yanli},
      publisher = {American Society of Mechanical Engineers},
      year = {2019},
      keywords = {nonref}
}

@book{NTB1,
      title = {Background Information for Addressing Adequacy or Optimization of ASME Section III, Division 5 Rules for Metallic Components},
      author = {Jetter, Robert I. and Messner, Mark C. and Nestell, James and Sham, T.-L. and Wang, Yanli},
      publisher = {American Society of Mechanical Engineers},
      year = {2019},
      keywords = {nonref}
}

@TechReport{Grade91ORNL2019,
      Title             = {Report on {FY19} Testing in Support of Grade 91 Core Block Code Case},
      Author            = {Wang, Y. and Jetter, R. I. and Messner, M. C. and Sham, T.-L.},
      Institution       = {Oak Ridge National Laboratory},
      Year              = {2019},
      Number            = {ORNL/TM-2019/1280},
      keywords          = {nonref}
}

@techreport{messner2019measure,
  title={Development of a Multiaxial Deformation Measure and Creep-Fatigue Damage Summation for Multiple Load Cycle Types in Support of an Improved Creep-Fatigue Design Methods},
  author={Messner, M. C. and Sham, T.-L.},
  year={2019},
  institution={Argonne National Laboratory},
  number={ANL-ART-164},
  keywords={nonref}
}

@techreport{messner2019eppsmt,
  title={Initial Development of an Improved Creep-Fatigue Design Method that Avoids the Separate Evaluation of Creep and Fatigue Damage and Eliminates the Requirement for Stress Classification},
  author={Messner, M. C. and Jetter, Robert I. and Wang, Yanli and Sham, T.-L.},
  year={2019},
  institution={Argonne National Laboratory},
  number={ANL-ART-168},
  keywords={nonref}
}

@techreport{messner2019gr91visco,
  title={Inelastic Analysis Procedure based on the Grade 91 Unified Viscoplastic Constitutive Model for ASME Implementation},
  author={Messner, M. C. and Sham, T.-L.},
  year={2019},
  institution={Argonne National Laboratory},
  number={ANL-ART-167},
  keywords={nonref}
}

@techreport{messner2019epp,
  title={Draft ASME Section III Division 5 Code Cases to Extend EPP Strain Limits and Creep-Fatigue Design Methods to Grade 91},
  author={Messner, M. C. and Sham, T.-L.},
  year={2019},
  institution={Argonne National Laboratory},
  number={ANL-ART-165},
  keywords={nonref}
}

@techreport{messner2019notch,
  title={Initial Study of Notch Sensitivity of Grade 91 using Mechanisms Motivated Crystal Plasticity Finite Element Method},
  author={Rovinelli, A. and Messner, M. C. and Ye, Guosheng and Sham, T.-L.},
  year={2019},
  institution={Argonne National Laboratory},
  number={ANL-ART-171},
  keywords={nonref}
}

@techreport{messner2019316H,
  title={Development of the Technical Basis of a Unified Viscoplastic Model of 316H Stainless Steel for Incorporation into ASME Division 5},
  author={Messner, M. C. and Phan, V.-T. and Sham, T.-L.},
  year={2019},
  institution={Argonne National Laboratory},
  number={ANL-ART-166},
  keywords={nonref}
}

@inproceedings{phan2019316,
  title={A Unified Engineering Inelastic Model for 316H Stainless Steel},
  author={Phan, V.-T. and Messner, M. C. and Sham, T.-L.},
  booktitle={ASME 2019 Pressure Vessels and Piping Conference},
  year={2019},
  organization={American Society of Mechanical Engineers},
  keywords={conf}
}

@inproceedings{messner2019617,
  title={Isochronous Stress-Strain Curves for Alloy 617},
  author={Messner, M. C. and Sham, T.-L.},
  booktitle={ASME 2019 Pressure Vessels and Piping Conference},
  year={2019},
  organization={American Society of Mechanical Engineers},
  keywords={conf}
}

@inproceedings{barua2019clad,
  title={Design Methodologies for High Temperature Reactor Structural Components Cladded with Noncompliant Materials},
  author={Barua, B. and Phan, V.-T. and Messner, M. C. and Jetter, R. I. and Sham, T.-L. and Wang, Y.},
  booktitle={ASME 2019 Pressure Vessels and Piping Conference},
  year={2019},
  organization={American Society of Mechanical Engineers},
  keywords={conf}
}

@inproceedings{messner2019follow,
  title={A Method for Directly Assessing Elastic Follow up in 3D Finite Element Calculations},
  author={Messner, M. C. and Jetter, R. I. and Sham, T.-L.},
  booktitle={ASME 2019 Pressure Vessels and Piping Conference},
  year={2019},
  organization={American Society of Mechanical Engineers},
  keywords={conf}
}

@inproceedings{wang2019smt,
  title={Development of Simplified Model Test Methods for Creep Fatigue Interaction},
  author={Wang, Y. and Jetter, R. I. and Messner, M. C. and Sham, T.-L.},
  booktitle={ASME 2019 Pressure Vessels and Piping Conference},
  year={2019},
  organization={American Society of Mechanical Engineers},
  keywords={conf}
}

@inproceedings{barua2019slar,
  title={Comparison and Assessment of the Creep-fatigue Design Methods for a Reference Gen3 Molten Salt Concentrated Solar Power Receiver},
  author={Barua, B. and Messner, M. C. and McMurtrey, M.},
  booktitle={ASME 2019 Pressure Vessels and Piping Conference},
  year={2019},
  organization={American Society of Mechanical Engineers},
  keywords={conf}
}

@article{messner2019combined,
      title={Combined Crystal Plasticity and Grain Boundary Modeling of Creep in Ferritic-Martensitic Steels, Part 2: The Effect of Stress and Temperature on Engineering and Microstructural Properties},
      author={Messner, M. C. and Nassif, Omar and Ma, Ran and Truster, Timothy J. and Cochran, Kristine and Parks, David and Sham, T.-L.},
      journal={Modelling and Simulation in Materials Science and Engineering},
      volume={27},
      number={7},
      pages={075010},
      year={2019},
      keywords={refereed}
}

@article{truster2019combined,
      title={Combined Crystal Plasticity and Grain Boundary Modeling of Creep in Ferritic-Martensitic Steels, Part 1: Theory and Implementation},
      author={Nassif, Omar and Truster, Timothy J. and Ma, Ran and Cochran, Kristine and Parks, David and Messner, M. C. and Sham, T.-L.},
      journal={Modelling and Simulation in Materials Science and Engineering},
      volume={27},
      number={7},
      year={2019},
      pages={075009},
      keywords={refereed}
}

@article{messner2019rate,
      title={Evaluating and modeling rate sensitivity in advanced reactor structural materials: 316H, Gr. 91, and A617},
      author={Messner, M. C. and Phan, V.-T. and Sham, T.-L.},
      journal={International Journal of Pressure Vessels and Piping},
      year={2019},
      volume={178},
      keywords={refereed},
      pages = {103997}
}

@article{singh2020one,
  title={One piece ceramic heat exchanger for concentrating solar power electric plants},
  author={Singh, Dileep and Yu, Wenhua and France, David M and Allred, Taylor P and Liu, I-Han and Du, Wenchao and Barua, Bipul and Messner, Mark C},
  journal={Renewable Energy},
  volume={160},
  pages={1308--1315},
  year={2020},
  publisher={Elsevier},
  keywords={refereed}
}


@article{messner2019learning,
  title={Convolutional neural network surrogate models for the mechanical properties of periodic structures},
  author={Messner, M. C.},
  journal={Journal of Mechanical Design},
  year={2020},
  volume={142},
  number={2},
  keywords={refereed}
}

@article{carlton2019,
  author={Carlton, Holly D. and Volkoff-Shoemaker, Nickolai and Messner, Mark and Barton, Nathan and Kumar, Mukul},
  title={ Incorporating defects into model predictions of metal lattice-structured materials},
  journal={Submitted for publication},
  year={2021},
  keywords={pending}
}

@article{messner2022a,
      author={Messner, Mark and Ye, Guosheng and Sham, T.-L.},
      title={A Structural Design Approach Tailored for the Rapid, Preliminary Design of Microreactor Components},
      journal={Submitted for publication},
      year={2021},
      keywords={pending}
}

@article{messner2022b,
      author={Messner, M. C. and Barua, B. and Jetter, R. I. and Sham, T.-L.},
      title={Designing Cladded Components for High Temperature Nuclear Service {Part-1}: Analysis Method},
      journal={Submitted for publication},
      year={2021},
      keywords={pending}
}

@article{barua2022,
      author={Barua, B. and Messner, M. C. and Jetter, R. I. and Sham, T.-L.},
      title={Designing Cladded Components for High Temperature Nuclear Service {Part-2}: Design Rules},
      journal={Submitted for publication},
      year={2021},
      keywords={pending}
}

@article{chakraborty2020a,
  author={Chakraborty, Aritra and Messner, Mark C. and Sham, T.-L.},
  title={A minimum creep rate for 2-1/4Cr-1Mo steel consistent with the ASME Section III, Division 5 rules},
  journal={Journal of Pressure Vessel Technology},
  year={2021},
  volume={134},
  number={4},
  pages={044502},
  keywords={refereed}
}

@article{chaktrabory2020b,
      author={Chakraborty, Aritra and Messner, Mark C.},
      title={Bayesian analysis for estimating statistical parameter distributions of elasto-viscoplastic material models},
      journal={Probabilistic Engineering Mechanics},
      year={2021},
      volume={66},
      pages={103153},
      keywords={refereed}
}

@article{Rovinelli2021,
      author={Rovinelli, Andrea and Messner, Mark and Parks, David and Sham, T.-L.},
      title={Accurate effective stress measures: {Predicting} creep life for 3D stresses using 2D and 1D creep rupture simulations and data},
      journal={Integrating Materials and Manufacturing Innovation},
      year={2021},
      keywords={refereed}
}

@article{katz2021,
      author={Katz, A. M. and Messner, M. and Ranjan, Davesh},
      title={A novel approach for bounding the stress experienced by the core of utility-scale printed circuit heat exchangers under thermohydraulic loads},
      journal={Journal of Pressure Vessel Technology},
      year={2021},
      keywords={refereed}
}

@article{nicolas2021,
      author={Nicolas, Andrea and Messner, Mark and Sham, T.-L.},
      title={A method for predicting failure statistics for steady state elevated temperature components},
      journal={International Journal of Pressure Vessels and Piping},
      volume={192},
      pages={104363},
      year={2021},
      keywords={refereed}
}

@article{messner2019method,
  title={A Method for Including Diffusive Effects in Texture Evolution},
  author={Messner, M. C. and Lebensohn, Ricardo A and Zepeda-Alarcon, Eloisa and Barton, Nathan R},
  journal={Journal of the Mechanics and Physics of Solids},
  volume={125},
  pages={785-804},
  year={2019},
  publisher={Elsevier},
  keywords={refereed}
}

@article{jackson2018field,
  title={Field responsive mechanical metamaterials},
  author={Jackson, Julie A and Messner, M. C. and Dudukovic, Nikola A and Smith, William L and Bekker, Logan and Moran, Bryan and Golobic, Alexandra M and Pascall, Andrew J and Duoss, Eric B and Loh, Kenneth J and others},
  journal={Science Advances},
  volume={4},
  number={12},
  pages={eaau6419},
  year={2018},
  publisher={American Association for the Advancement of Science},
  keywords={refereed}
}

@article{messner2017fast,
  title={A fast, efficient direct slicing method for slender member structures},
  author={Messner, Mark C},
  journal={Additive Manufacturing},
  volume={18},
  pages={213--220},
  year={2017},
  publisher={Elsevier},
  keywords={refereed}
}

@Article{HLMBMBJK16,
  Title                    = {Dynamic Behavior of Engineered Lattice Materials},
  Author                   = {Hawreliak, J. A. and Lind, J. and Maddox, B. and Barham, M. and Messner, M. and Barton, N. and Jensen, B. and Kumar, M.},
  Journal                  = {Scientific Reports},
  Year                     = {2016},
  Volume                   = {6},
  keywords                 = {refereed}
}

@Article{M16,
  Title                    = {Optimal lattice-structured materials},
  Author                   = {Messner, M. C.},
  Journal                  = {Journal of the Mechanics and Physics of Solids},
  Year                     = {2016},
  Pages                    = {162-183},
  Volume                   = {96},
  keywords                 = {refereed}
}

@Article{MBD15-1,
  Title                    = {An interface compatibility/equilibrium mechanism for delamination fracture in aluminum-lithium alloys},
  Author                   = {Messner, M.C. and Beaudoin, A. J. and {Dodds, Jr.}, R. H.},
  Journal                  = {Engineering Fracture Mechanics},
  Year                     = {2015},
  Pages                    = {70-84},
  Volume                   = {133},
  keywords                 = {refereed}
}

@Article{MBD14-1,
  Title                    = {Mesoscopic modeling of crack arrestor delamination in {Al-Li}: {Primary} crack shielding and {T-stress} effect},
  Author                   = {Messner, M.C. and Beaudoin, A. J. and {Dodds, Jr.}, R. H.},
  Journal                  = {International Journal of Fracture},
  Year                     = {2014},
  Number                   = {2},
  Pages                    = {229-249},
  Volume                   = {188},
  keywords                 = {refereed}
}

@Article{MBKB15,
  Title                    = {Wave propagation in equivalent continuums representing truss lattice materials},
  Author                   = {Messner, M. C. and Barham, M. I. and Kumar, M. and Barton, N. R.},
  Journal                  = {International Journal of Solids and Structures},
  Year                     = {2015},
  Pages                    = {55-66},
  Volume                   = {73-74},
  keywords                 = {refereed}
}

@Article{MBD15-2,
  Title                    = {A grain boundary damage model for delamination},
  Author                   = {Messner, M. C. and Beaudoin, A. J. and {Dodds, Jr.}, R. H.},
  Journal                  = {Computational Mechanics},
  Year                     = {2015},
  Pages                    = {1-20},
  Volume                   = {56},
  keywords                 = {refereed}
}

@Article{MDB15-3,
  Title                    = {Consistent crystal plasticity kinematics and linearization for the implicit finite element method},
  Author                   = {Messner, M. C. and {Dodds, Jr.}, R. H. and Beaudoin, A. J.},
  Journal                  = {Engineering Computations},
  Year                     = {2015},
  Number                   = {6},
  Pages                    = {1526-1548},
  Volume                   = {32},
  keywords                 = {refereed}
}

@Article{MMAB15,
  Title                    = {A crystal plasticity model for slip resistance and junction formation in HCP metals},
  Author                   = {Messner, M. C. and Rhee, M. and Arsenlis, A. and Barton, N. R.},
  Journal                  = {Modelling and Simulation in Materials Science and Engineering},
  Year                     = {2017},
  Number                   = {4},
  Volume                   = {25},
  Pages                    = {044001},
  keywords                 = {refereed}
}

@Article{CLMVBBK17,
      Title                   = {Mapping local deformation behavior in single cell metal lattice structures},
      Author                  = {Carlton, H. D. and Lind, J. and Messner, M. C. and Volkoff-Shoemaker, N. A. and Barnard, H. S. and Barton, N. R. and Kumar, M.},
      Journal                 = {Acta Materilia},
      Year                    = {2017},
      Volume                  = {129},
      Pages                   = {239-250},
      keywords                = {refereed}
}


@InProceedings{MBKB15-2,
  Title                    = {Modeling shocks in periodic lattice materials},
  Author                   = {Messner, M. C. and Barham, M. I. and Kumar, M. and Barton, N. R.},
  Booktitle                = {AIP Conference Proceedings},
  Year                     = {2017},
  Number                   = {1793},
  Pages                    = {080012},
  keywords                 = {conf}
}

@InProceedings{WJMMS17,
  Title                    = {Combined load and displacement controlled testing to support development of simplified component design rules for elevated temperature service},
  Author                   = {Wang, Y. and Jetter, R. I. and Messner, M. C. and Mohanty, S. and Sham, T.-L.},
  Booktitle                = {Proceedings of the ASME 2017 Pressure Vessels and Piping Conference},
  Year                     = {2017},
  Number                   = {PVP2017-65455},
  Pages                    = {1-6},
  keywords                 = {conf}
}

@InProceedings{MSJ17,
  Title                    = {Verification of the {EPP} code case for strain limits evaluations by inelastic analysis method},
  Author                   = {Messner, M. C. and Sham, T.-L. and Jetter, R. I.},
  Booktitle                = {Proceedings of the ASME 2017 Pressure Vessels and Piping Conference},
  Year                     = {2017},
  Volume                   = {PVP2017-65418},
  Pages                    = {1-10},
  keywords                 = {conf}
}

@inproceedings{messner2018mechanical,
  title={The Mechanical Interaction of Clad and Base Metal for Molten Salt Reactor Structural Components},
  author={Messner, M. C. and Phan, V.-T. and Jetter, R. I. and Sham, T.-L.},
  booktitle={ASME 2018 Pressure Vessels and Piping Conference},
  year={2018},
  organization={American Society of Mechanical Engineers},
  keywords={conf}
}

@inproceedings{messner2018unified,
  title={A Unified Inelastic Constitutive Model for the Average Engineering Response of Grade 91 Steel},
  author={Messner, M. C. and Phan, V.-T. and Sham, T.-L.},
  booktitle={ASME 2018 Pressure Vessels and Piping Conference},
  year={2018},
  organization={American Society of Mechanical Engineers},
  keywords={conf}
}

@inproceedings{messner2018detection,
  title={Detection of Ratcheting in Finite Element Calculations},
  author={Messner, M. C. and Sham, T.-L.},
  booktitle={ASME 2018 Pressure Vessels and Piping Conference},
  year={2018},
  organization={American Society of Mechanical Engineers},
  keywords={conf}
}

@inproceedings{messner2018assessment,
  title={Assessment of Passively Actuated In-Situ Cyclic Surveillance Test Specimens for Advanced Non-Light Water Reactors},
  author={Messner, M. C. and Phan, V.-T. and Jetter, R. I. and Sham, T.-L.},
  booktitle={ASME 2018 Pressure Vessels and Piping Conference},
  year={2018},
  organization={American Society of Mechanical Engineers},
  keywords={conf}
}

@inproceedings{messner2018establishing,
  title={Establishing Temperature Upper Limits for the ASME Section III, Division 5 Design by Elastic Analysis Methods},
  author={Messner, M. C. and Jetter, R. I. and Sham, T.-L.},
  booktitle={ASME 2018 Pressure Vessels and Piping Conference},
  year={2018},
  organization={American Society of Mechanical Engineers},
  keywords={conf}
}

@inproceedings{messner2018bree,
  title={N-bar Problems as Approximations to the Bree Problem},
  author={Messner, M. C. and Sham, T.-L. and Wang, Yanli},
  booktitle={ASME 2018 Pressure Vessels and Piping Conference},
  year={2018},
  organization={American Society of Mechanical Engineers},
  keywords={conf}
}

@inproceedings{messner2018basis,
  title={A Basis for Applying Elastic Perfectly-Plastic Design Methods to Cyclic Softening Materials},
  author={Messner, M. C. and Wang, Yanli and Jetter, R. I. and Sham, T.-L.},
  booktitle={ASME 2018 Pressure Vessels and Piping Conference},
  year={2018},
  organization={American Society of Mechanical Engineers},
  keywords={conf}
}

@inproceedings{messner2018strain,
  title={The Role of Material Modeling on Strain Range Evaluation for Elevated Temperature Cyclic Life Evaluation},
  author={Messner, M. C. and Jetter, R. I. and Sham, T.-L. and Wang, Yanli},
  booktitle={ASME 2018 Pressure Vessels and Piping Conference},
  year={2018},
  organization={American Society of Mechanical Engineers},
  keywords={conf}
}

@TechReport{MS17a,
      Title             = {{FY17} Status Report on the Initial {EPP} Finite Element Analysis of {Grade 91} Steel},
      Author            = {Messner, M. C. and Sham, T.-L.},
      Institution       = {Argonne National Laboratory},
      Year              = {2017},
      Number            = {ANL-ART-94},
      keywords          = {nonref}
}

@TechReport{WMS17,
      Title             = {{FY17} Status Report on Testing Supporting the Inclusion of {Grade 91} Steel as an Acceptable Material for Application of the {EPP} Methodology},
      Author            = {Wang, Y. and Messner, M. C. and Sham, T.-L.},
      Institution       = {Oak Ridge National Laboratory},
      Year              = {2017},
      Number            = {ORNL/TM2017/388},
      keywords          = {nonref}
}

@TechReport{MPS17,
      Title             = {FY17 Status Report on the Initial Development of a Constitutive Model for Grade 91 Steel},
      Author            = {Messner, M. C. and Phan, V. T. and Sham, T.-L.},
      Institution       = {Argonne National Laboratory},
      Year              = {2017},
      Number            = {ANL-ART-93},
      keywords          = {nonref}
}

@TechReport{JMSW17,
      Title             = {Report on an Assessment of the Application of {EPP} Results from the Strain Limit Evaluation Procedure to the Prediction of Cyclic Life Based on the {SMT} Methodology},
      Author            = {Jetter, R. I. and Messner, M. C. and Sham, T.-L. and Wang, Y.},
      Institution       = {Argonne National Laboratory},
      Year              = {2017},
      Number            = {ANL-ART-96},
      keywords          = {nonref}
}

@TechReport{MTCPS17,
      Title             = {{FY17} Status Report on the Micromechanical Finite Element Modeling of Creep Fracture of {Grade 91} Steel},
      Author            = {Messner, M. C. and Truster, T. J. and Cochran, K. B. and Parks, D. M. and Sham, T.-L.},
      Institution       = {Argonne National Laboratory},
      Year              = {2017},
      Number            = {ANL-ART-95},
      keywords          = {nonref}
}

@TechReport{warp3d,
  Title                    = {{WARP3D} release 17.0: {3-D} dynamic nonlinear fracture analyses of solids using parallel computers},
  Author                   = {Brian Healy and Arne Gullerud and Kyle Koppenhoefer and Arun Roy and Sushovan Roy Chowdhury and Matt Walters and Barron Bichon and Kristine Cochran and Adam Carlyle and James Sobotka and Mark Messner and Robert Dodds},
  Institution              = {University of Illinois at Urbana-Champaign},
  Year                     = {2011},
  Number                   = {Structural Research Series No. 607},
  Type                     = {Civil Engineering Studies},
  keywords                 = {nonref}
}

@article{messner2018multi,
  title={Multiphysics Simulation of Thermal Striping for Determining Creep-Fatigue Life},
  author={Messner, M. C. and Yu, Y.},
  journal={Transactions of the American Nuclear Society},
  year={2018},
  volume={118},
  pages={1439--1441},
  keywords={nonref}
}

@techreport{messner2018evaluation,
  title={Evaluation of statistical variation of microstructural properties and temperature effects on creep fracture of Grade 91},
  author={Messner, M. C. and Rovinelli, A. and Parks, D. M. and Sham, T.-L.},
  year={2018},
  institution={Argonne National Laboratory},
  number={ANL-ART-143},
  keywords={nonref}
}

@techreport{messner2018report,
  title={Report on the completion of the development of processing map from as-cast Alloy 709 materials},
  author={Messner, M. C. and Zhang, X. and Sham, T.-L.},
  year={2018},
  institution={Argonne National Laboratory},
  number={ANL-ART-142},
  keywords={nonref}
}

@techreport{messner2018initial,
  title={Initial development and extension of EPP methods to Grade 91},
  author={Messner, M. C. and Sham, T.-L.},
  year={2018},
  institution={Argonne National Laboratory},
  number = {ANL-ART-133},
  keywords={nonref}
}

@techreport{messner2018range,
  title={Evaluation of methods to determine strain ranges for use in SMT design curves},
  author={Messner, M. C. and Sham, T.-L. and Wang, Yanli and Jetter, R. I.},
  year={2018},
  institution={Argonne National Laboratory},
  number={ANL-ART-138},
  keywords={nonref}
}

@techreport{messner2018development,
  title={Development of Grade 91 inelastic model for incorporation in ASME Division 5},
  author={Messner, M. C. and Phan, V.-T. and Sham, T.-L.},
  year={2018},
  institution={Argonne National Laboratory},
  number={ANL-ART-137},
  keywords={nonref}
}

@techreport{messner2018finite,
  title={Finite element analysis of compliant cladding and base metal systems},
  author={Messner, M. C. and Phan, V.-T. and Barua, B. and Sham, T.-L. and Jetter, R. I.},
  year={2018},
  institution={Argonne National Laboratory},
  number={ANL-ART-134},
  keywords={nonref}
}

@techreport{messner2018temperature,
  title={Development of ASME Division 5 Code proposal on temperature limits for simplified design methods},
  author={Messner, M. C. and Sham, T.-L.},
  year={2018},
  institution={Argonne National Laboratory},
  number={ANL-ART-132},
  keywords={nonref}
}

@patent{jackson2018systems,
  title={Systems and methods for additive manufacturing to encapsulate transformative colloidal suspensions},
  author={Jackson, Julie A and Duoss, Eric and Golobic, Alexandra and Messner, Mark Christian and Spadaccini, Christopher and Loh, Kenneth J},
  year={2020},
  number={10,661,549},
  location={United States},
  keywords={patents}
}

@patent{messner2018fast,
  title={A fast, efficient direct slicing method for lattice structures},
  author={Messner, Mark Christian},
  year={2020},
  number={10,723,079},
  location={United States},
  keywords={patents}
}

@Conference{Gen321,
  Title                    = {High Temperature Receiver Design and Analysis Package},
  Author                   = {Messner, M. C.},
  Booktitle                = {DOE Gen 3 CSP Summit},
  Year                     = {2021},
  keywords                 = {invited}
}

@Conference{AFRL21,
  Title                    = {Simulating high temperature structural failure in NEML},
  Author                   = {Messner, M. C.},
  Booktitle                = {Air Force Research Laboratory Seminar},
  Year                     = {2021},
  keywords                 = {invited}
}

@Conference{NRC21a,
  Title                    = {Rapid Qualification of New Materials Using Modeling and Simulation},
  Author                   = {Messner, M. C.},
  Booktitle                = {Nuclear Regulatory Commission Workshop on Advanced Manufacturing Technologies for Nuclear Applications},
  Year                     = {2020},
  keywords                 = {invited}
}

@Conference{NRC21b,
  Title                    = {Rapid qualification of high temperature reactor structural materials},
  Author                   = {Messner, M. C.},
  Booktitle                = {Nuclear Regulatory Commission Standards Forum},
  Year                     = {2020},
  keywords                 = {invited}
}

@Conference{UW18,
  Title                    = {Predicting long-term properties of nuclear reactor structural materials using physically-based models},
  Author                   = {Messner, M. C.},
  Booktitle                = {University of Wisconsin Applied Materials Division Seminar Series},
  Year                     = {2018},
  keywords                 = {invited}
}

@Conference{Cornell16,
  Title                    = {Understanding the link between processing, structure, and performance in additively manufactured lattice materials},
  Author                   = {Messner, M. C.},
  Booktitle                = {New Industrial and Scientific Opportunities for Structural Materials: Data, Modeling, Manufacturing},
  Year                     = {2016},
  keywords                 = {invited}
}

@Conference{IUTAM-15,
  Title                    = {A multiscale model for delamination fracture in {Al-Li} alloys},
  Author                   = {M. C. Messner and A. J. Beaudoin and R. H. {Dodds, Jr.}},
  Booktitle                = {IUTAM Symposium on Ductile Fracture and Localization},
  Year                     = {2015},
  keywords                 = {invited}
}

@Conference{IMECE18,
  Title                    = {The mechanics of lattice-structured materials},
  Author                   = {M. C. Messner},
  Booktitle                = {ASME 2017 International Mechanical Engineering Congress \& Exposition},
  Year                     = {2017},
  keywords                 = {invited}
}

@Conference{NRCAMT19,
  Title                    = {The interaction of environmental effects and mechanical damage in high temperature structural components},
  Author                   = {M. C. Messner},
  Booktitle                = {NRC Advanced Non-Light Water Reactors – Materials and Component Integrity Workshop},
  Year                     = {2019},
  keywords                 = {invited}
}

@Conference{NRCQual20,
  Title                    = {Structural challenges for high temperature receivers},
  Author                   = {M. C. Messner},
  Booktitle                = {Next Generation Receivers Workshop},
  Year                     = {2020},
  keywords                 = {invited}
}
